@INBOOK{hensen:gesundeGesellschaft,
 	author = "P. Hensen, Christian Kölzer",
 	title = "Die gesunde Gesellschaft",
 	chapter = "Die gesunde Gesellschaft und ihre Ökonomie – vom Gesundheitswesen zur Gesundheitswirtschaft",
 	publisher = "VS Verlag für Sozialwissenschaften",
 	year = 2011
 }

@INBOOK{ wieden:liquidwork,
	author = "M. Wieder",
 	title = "Liquid Work",
 	chapter = "Kondratieff – Von der Dampfmaschine zum Menschen",
 	publisher = "Springer Fachmedien Wiesbaden",
 	year = 2012
 }
 
@INBOOK{ nefiodow:gesundheit,
	author = "P. Granig, L. A. Nefiodow",
  	title = "Gesundheitswirtschaft – Wachstumsmotor im 21. Jahrhundert",
  	chapter = "Der sechste Kontratieff",
  	publisher = "Gabler Verlag",
  	year = 2011
 }
 
 @article{ cord:innovation,
     author   = "Siemon Cord",
     title    = "Innovationspolitik im 6. Kondratieff: Hinterherlaufen oder Vorauseilen?",
     journal  = "Wirtschaftsdienst",
     volume   = "87",
     number   = "7",
     pages    = "450-457",
     year     = "2007",
     month    = "Juli"
 }
 
 @misc{hsla:modulBMT,
     author = "{Hochschule Landshut}",
     publisher = "Hochschule Landshut",
     title = "Modulhandbuch BA BMT",
     month = "November",
     year = "2013",
     url = "https://www.haw-landshut.de/fileadmin/hs_landshut_english/electrical_engineering/download/pdf/Modulhandb%C3%BCcher/Modulhandbuch_BA_BMT_WS_13_14_SS_13_beschlossen_FR_2013_11_26.pdf",
 } 